@book{latex,
  title = {LaTeX : A Documentation Preparation System User's Guide and Reference Manual},
  publisher = {Addison-Wesley Professional},
  year = {1994},
  author = {Leslie Lamport}
}


@book{de2000computational,
  title={Computational geometry: algorithms and applications},
  author={De Berg, Mark},
  year={2000},
  publisher={Springer Science \& Business Media}
}


